@Book{Angrist2014,
  author     = {Angrist, Joshua D. and Pischke, Jörn-Steffen},
  publisher  = {Princeton University Press},
  title      = {Mastering'metrics: The path from cause to effect},
  year       = {2014},
  date       = {2014},
  ranking    = {rank5},
  readstatus = {read},
}

@Manual{Angrist2020,
  title  = {MRU Mastering Econometrics. Causality, Experiments, and Potential Outcomes.},
  author = {Angrist, Joshua D.},
  year   = {2020},
  date   = {2020},
  url    = {http://www.masteringmetrics.com/wp-content/uploads/2020/07/lny20n04MRU_intro.pdf},
}

@Article{Dale2002,
  author  = {Dale, Stacy B. and Krueger, Alan B.},
  journal = {Quarterly Journal of Economics},
  title   = {Estimating the Payoff to Attending a More Selective College: AnApplication of Selection on Observables and Unobservables},
  year    = {2002},
  number  = {4},
  pages   = {1491-1527},
  volume  = {117},
}

@Book{wooldridge2020introductory,
  author    = {Wooldridge, Jeffrey Marc},
  publisher = {South-Western},
  title     = {Introductory Econometrics: A Modern Approach},
  added-at  = {2012-12-02T02:22:06.000+0100},
  biburl    = {https://www.bibsonomy.org/bibtex/20f03974732e9a9b9f06cbd9cf65c71db/hackstutz},
  date      = {2020},
  interhash = {eef88a69347569c22d64f1622802e192},
  intrahash = {0f03974732e9a9b9f06cbd9cf65c71db},
  keywords  = {econometrics methoden statistik ökonometrie},
  lccn      = {2007942361},
  timestamp = {2012-12-04T23:53:52.000+0100},
  url       = {https://www.cengage.uk/shop/isbn/9781337558860},
}


@Article{Wakefield1998,
  author    = {AJ Wakefield and SH Murch and A Anthony and J Linnell and DM Casson and M Malik and M Berelowitz and AP Dhillon and MA Thomson and P Harvey and A Valentine and SE Davies and JA Walker-Smith},
  journal   = {The Lancet},
  title     = {{RETRACTED}: Ileal-lymphoid-nodular hyperplasia, non-specific colitis, and pervasive developmental disorder in children},
  year      = {1998},
  month     = {feb},
  number    = {9103},
  pages     = {637--641},
  volume    = {351},
  doi       = {10.1016/s0140-6736(97)11096-0},
  publisher = {Elsevier {BV}},
}


@Article{Rubin1974,
  author  = {Rubin, Donald B.},
  journal = {Journal of Educational Psychology},
  title   = {Estimating causal effects of treatments in randomized and nonrandomized studies.},
  year    = {1974},
  month   = {10},
  number  = {5},
  pages   = {688--701},
  volume  = {66},
  date    = {1974-10},
  doi     = {10.1037/h0037350},
  langid  = {en},
  url     = {http://dx.doi.org/10.1037/h0037350},
}

@Article{Rubin1977,
  author  = {Rubin, Donald B.},
  journal = {Journal of Educational Statistics},
  title   = {Assignment to Treatment Group on the Basis of a Covariate},
  year    = {1977},
  month   = {03},
  number  = {1},
  pages   = {1--26},
  volume  = {2},
  date    = {1977-03},
  doi     = {10.3102/10769986002001001},
  langid  = {en},
  url     = {http://dx.doi.org/10.3102/10769986002001001},
}

@Article{Holland1986,
  author  = {Holland, Paul W.},
  journal = {Journal of the American Statistical Association},
  title   = {Statistics and Causal Inference},
  year    = {1986},
  month   = {12},
  number  = {396},
  pages   = {945--960},
  volume  = {81},
  date    = {1986-12},
  doi     = {10.1080/01621459.1986.10478354},
  langid  = {en},
  url     = {http://dx.doi.org/10.1080/01621459.1986.10478354},
}
